<record><leader>00000cas a2200000 a 4500</leader><controlfield tag="001">38509173</controlfield><controlfield tag="008">980225d19uu1984oruwr ne      0    0eng c</controlfield><datafield ind1=" " ind2=" " tag="010"><subfield code="a">sn 97071046 </subfield></datafield><datafield ind1=" " ind2=" " tag="040"><subfield code="a">OCN</subfield><subfield code="b">eng</subfield><subfield code="c">OCN</subfield><subfield code="d">OCLCQ</subfield><subfield code="d">OCLCF</subfield><subfield code="d">OCLCO</subfield></datafield><datafield ind1="1" ind2=" " tag="029"><subfield code="a">AU@</subfield><subfield code="b">000013796981</subfield></datafield><datafield ind1=" " ind2=" " tag="042"><subfield code="a">pcc</subfield></datafield><datafield ind1=" " ind2=" " tag="043"><subfield code="a">n-us-or</subfield></datafield><datafield ind1="0" ind2="4" tag="245"><subfield code="a">The Hermiston herald.</subfield></datafield><datafield ind1=" " ind2=" " tag="260"><subfield code="a">Hermiston, Or. :</subfield><subfield code="b">F.R. Reeves,</subfield><subfield code="c">-1984.</subfield></datafield><datafield ind1=" " ind2=" " tag="300"><subfield code="a">v.</subfield></datafield><datafield ind1=" " ind2=" " tag="310"><subfield code="a">Weekly</subfield></datafield><datafield ind1="0" ind2=" " tag="362"><subfield code="a">-v. 78, no. 50 (Sept. 18, 1984).</subfield></datafield><datafield ind1=" " ind2=" " tag="500"><subfield code="a">1920-1925 includes newspaper published during school terms by Hermiston High School students.</subfield></datafield><datafield ind1=" " ind2=" " tag="530"><subfield code="a">Also issued on microfilm from University of Oregon.</subfield></datafield><datafield ind1=" " ind2=" " tag="588"><subfield code="a">Description based on: Vol. 9, no. 28 (Apr. 3, 1915).</subfield></datafield><datafield ind1=" " ind2="0" tag="651"><subfield code="a">Hermiston (Or.)</subfield><subfield code="v">Newspapers.</subfield></datafield><datafield ind1=" " ind2="7" tag="655"><subfield code="a">Newspapers.</subfield><subfield code="2">fast</subfield><subfield code="0">(OCoLC)fst01423814</subfield></datafield><datafield ind1=" " ind2="7" tag="651"><subfield code="a">Oregon</subfield><subfield code="z">Hermiston.</subfield><subfield code="2">fast</subfield><subfield code="0">(OCoLC)fst01207961</subfield></datafield><datafield ind1="0" ind2="2" tag="740"><subfield code="a">High School mirror.</subfield></datafield><datafield ind1=" " ind2=" " tag="752"><subfield code="a">United States</subfield><subfield code="b">Oregon</subfield><subfield code="c">Umatilla</subfield><subfield code="d">Hermiston.</subfield></datafield><datafield ind1="0" ind2="0" tag="785"><subfield code="t">Hermiston herald and buyer's bonus</subfield><subfield code="w">(DLC)sn 84002106</subfield></datafield></record>